@book{Kunen,
    author = {Kenneth Kunen},
    title = {Set Theory},
    publisher = {College Publications},
    year = {2013}
}

@book{Jech,
    author = {Thomas Jech},
    title = {Set Theory},
    subtitle = {The Third Millennium Edition, revised and expanded},
    doi = {https://doi.org/10.1007/3-540-44761-X},
    publisher = {Springer Berlin, Heidelberg},
    year = {2000}
}

@book{Kanamori,
    author = {Akihiro Kanamori},
    title = {The Higher Infinite},
    subtitle = {Large Cardinals in Set Theory from Their Beginnings},
    publisher = {Springer Berlin, Heidelberg},
    year = {2003},
    doi = {https://doi.org/10.1007/978-3-540-88867-3}
}


